@misc{wikipedia,
author = {Anon},
title = {Key Escrow},
year = {2015},
url = {https://en.wikipedia.org/wiki/Key_escrow},
month = {February}
}
@misc{insideit,
author = {inside-it.ch},
title = {Cameron will verschlüsselte Kommunikation verbieten - "Frontalangriff auf unsere Freiheit"},
year = {2015},
url = {http://www.inside-it.ch/articles/38866},
month = {January},
}
@misc{halabeson,
author = {Hal Abeson and Ross Anderson and Steven M. Bellovin and Josh Benaloh and Matt Blaze
and Withfield Diffie and John Gilmore and Peter G. Neumann and Ronald L. Riveset and Jeffrey I. Schiller
and Bruce Schneier},
title = {The Risks of Key Recovery, Key Escrow,
and Trusted Third-Party Encryption},
year = {1997},
url = {https://www.cdt.org/files/pdfs/paper-key-escrow.pdf},
month = {May},
}
@misc{secstackex,
author = {Anon},
title = {What is the difference between Key Escrow and a Recovery Agent},
year = {2013},
url = {http://security.stackexchange.com/questions/36106/what-is-the-difference-between-key-escrow-and-a-recovery-agent},
month = {May},
}
@misc{wikipedia2,
author = {Anon},
title = {Key management},
year = {2015},
url = {https://en.wikipedia.org/wiki/Key_management},
month = {November},
}
@misc{stephenetal,
author = {Stephen T. Walker and Steven B. Lipner and Carl M. Ellison and Dennis K. Branstad and David M. Balenson},
title = {Commercial Key Escrow},
year = {1995},
url = {https://epic.org/crypto/key_escrow/TIS_cke.html},
month = {January},
}
@misc{mattblaze,
author = {Matt Blaze},
title = {Key Escrow from a Safe Distance},
year = {unkown},
url = {http://www.crypto.com/papers/escrow-acsac11.pdf},
}
@misc{adminch,
author = {Anon},
title = {Effizientere Bekämpfung
von Terrorismus und organisiertem Verbrechen},
year = {2006},
url = {https://www.admin.ch/opc/de/federal-gazette/2006/5693.pdf},
month = {jun},
}
@misc{abesonetal,
author = {Hal Abeson and Ross Anderson and Steven M. Bellovin and Josh Benaloh and Matt Blaze
and Withfield Diffie and John Gilmore and Peter G. Neumann and Ronald L. Riveset and Jeffrey I. Schiller
and Bruce Schneier},
title = {The Risks of Key Recovery, Key Escrow, and Trusted Third-Party Encryption REVISION},
year = {1998},
url = {https://www.schneier.com/paper-key-escrow.html},
month = {•},
}
@misc{denning,
author = {Denning, D. E.},
title = {“Key Concerns,” Information Security},
year = {2001},
url = {http://faculty.nps.edu/dedennin/publications/key-concerns.pdf},
month = {November},
}
@misc{computerweekly,
author = {Anon},
title = {US abandons key escrow encryption plan},
year = {2001},
url = {http://www.computerweekly.com/news/2240042808/US-abandons-key-escrow-encryption-plan},
month = {October},
}
@misc{annabiselli,
author = {Anna Biselli},
title = {Vordertür statt Hintertür – NSA-Chef fordert verteilte Hinterlegung von Schlüsseln},
year = {2015},
url = {https://netzpolitik.org/2015/vordertuer-statt-hintertuer-nsa-chef-fordert-key-escrow-mit-verteilten-schluesseln/},
month = {April},
}
@misc{linuxmagazin,
author = {Jens-Christoph Brendel},
title = {CCC für Verbot unverschlüsselter Kommunikation},
year = {2015},
url = {http://www.linux-magazin.de/NEWS/CCC-fuer-Verbot-unverschluesselter-Kommunikation},
month = {January},
}
@misc{wireshark,
author = {Anon},
title = {Wireshark SSL},
year = {unknown},
url = {https://wiki.wireshark.org/ssl},
month = {•},
}
@misc{ndgesetz,
author = {Bundesrat},
title = {Nachrichtendienstgesetz},
year = {2014},
url = {http://www.parlament.ch/d/suche/seiten/legislaturrueckblick.aspx?rb_id=20140022},
month = {february},
}
@misc{clipperchip,
author = {Anon},
title = {Key Escrow},
year = {1998},
url = {https://epic.org/crypto/key_escrow/},
month = {april},
}
@misc{botschaftndg,
author = {Anon},
title = {Botschaft zum Nachrichtendienstgesetz},
year = {2014},
url = {https://www.admin.ch/opc/de/federal-gazette/2014/2105.pdf},
month = {february},
}
@misc{span,
author = {Anon},
title = {Switch Port Analyzer (SPAN)},
year = {unknown},
url = {http://etutorials.org/Networking/Lan+switching+first-step/Chapter+11.+Switch+Network+Management/Switch+Port+Analyzer+SPAN/},
}
@misc{isss,
author = {U. Belser and B. Federspiel and Th. Kessler and Ch. Kobel and D. Maurer and R. Oppliger and M. Schnyder and A. Thorn and G. Trenta and H. Walter},
title = {Ein Beitrag zur Entspannung der Kryptographiediskussion},
year = {1999},
url = {https://www.isss.ch/fileadmin/publ/2/ckrv1.html#RecoveryAgent},
month = {May}
}
@misc{cryptomuseum_clipper_chip,
author = {Crypto Museum},
title = {Cryptographic Key Escrow},
year = {2015},
url = {http://www.cryptomuseum.com/crypto/usa/clipper.htm},
month = {September}
}
@misc{skipjack_wikipedia,
author = {Anon},
title = {Skipjack (cipher)},
year = {2015},
url = {https://en.wikipedia.org/wiki/Skipjack_(cipher)},
month = {October}
}
